@article{arthur1996increasing,
  title={Increasing returns and the new world of business},
  author={Arthur, W Brian},
  year={1996},
  journal ={Havard Business Review},
  publisher={Boston}
}

@book{brynjolfsson2014second,
  title={The second machine age: Work, progress, and prosperity in a time of brilliant technologies},
  author={Brynjolfsson, Erik and McAfee, Andrew},
  year={2014},
  publisher={WW Norton \& company}
}

@book{shapiro1999information,
  title={Information rules: A strategic guide to the network economy},
  author={Shapiro, Carl},
  year={1999},
  publisher={Harvard Business School Press}
}

@article{autor2003skill,
  title={The skill content of recent technological change: An empirical exploration},
  author={Autor, David H and Levy, Frank and Murnane, Richard J},
  journal={The Quarterly journal of economics},
  volume={118},
  number={4},
  pages={1279--1333},
  year={2003},
  publisher={MIT Press}
}

@article{zuboff2019age,
  title={The Age of Surveillance Capitalism: The Fight for a Human Future at the New Frontier of Power, edn},
  author={Zuboff, Shoshana},
  journal={PublicAffairs, New York},
  year={2019}
}

@article{david1985clio,
  title={Clio and the Economics of QWERTY},
  author={David, Paul A},
  journal={The American economic review},
  volume={75},
  number={2},
  pages={332--337},
  year={1985},
  publisher={JSTOR}
}

@book{lessig_2005_free,
  author = {Lessig, Lawrence},
  publisher = {Penguin Books},
  title = {Free culture : the nature and future of creativity},
  year = {2005}
}

@article{pritchett1997divergence,
  title={Divergence, big time},
  author={Pritchett, Lant},
  journal={Journal of Economic perspectives},
  volume={11},
  number={3},
  pages={3--17},
  year={1997},
  publisher={American Economic Association}
}

@article{hanushek2008role,
  title={The role of cognitive skills in economic development},
  author={Hanushek, Eric A and Woessmann, Ludger},
  journal={Journal of economic literature},
  volume={46},
  number={3},
  pages={607--668},
  year={2008},
  publisher={American Economic Association}
}

@article{glaeser2002economic,
  title={An economic approach to social capital},
  author={Glaeser, Edward L and Laibson, David and Sacerdote, Bruce},
  journal={The economic journal},
  volume={112},
  number={483},
  pages={F437--F458},
  year={2002},
  publisher={Oxford University Press Oxford, UK}
}

@article{rodrik2013unconditional,
  title={Unconditional convergence in manufacturing},
  author={Rodrik, Dani},
  journal={The quarterly journal of economics},
  volume={128},
  number={1},
  pages={165--204},
  year={2013},
  publisher={MIT Press}
}

@book{graham2002telecommunications,
  title={Telecommunications and the city: Electronic spaces, urban places},
  author={Graham, Steve and Marvin, Simon},
  year={2002},
  publisher={Routledge}
}

@article{chetty2014land,
  title={Where is the land of opportunity? The geography of intergenerational mobility in the United States},
  author={Chetty, Raj and Hendren, Nathaniel and Kline, Patrick and Saez, Emmanuel},
  journal={The quarterly journal of economics},
  volume={129},
  number={4},
  pages={1553--1623},
  year={2014},
  publisher={MIT Press}
}

@article{horrigan2016digital,
  title={Digital Readiness Gaps.},
  author={Horrigan, John B},
  journal={Pew Research Center},
  year={2016},
  publisher={ERIC}
}

@inbook{Rodrik+2007+99+152,
title = {Industrial Policy for the Twenty-first Century},
booktitle = {One Economics, Many Recipes},
booktitle = {Globalization, Institutions, and Economic Growth},
author = {Dani Rodrik},
publisher = {Princeton University Press},
address = {Princeton},
pages = {99--152},
isbn = {9781400829354},
year = {2007},
lastchecked = {2024-11-02}
}

@article{berg2017inequality,
  title={Inequality and unsustainable growth: two sides of the same coin?},
  author={Berg, Andrew G and Ostry, Jonathan D},
  journal={IMF Economic Review},
  volume={65},
  pages={792--815},
  year={2017},
  publisher={Springer}
}

@article{kristal2017causes,
  title={The causes of rising wage inequality: the race between institutions and technology},
  author={Kristal, Tali and Cohen, Yinon},
  journal={Socio-Economic Review},
  volume={15},
  number={1},
  pages={187--212},
  year={2017},
  publisher={Oxford University Press}
}

@book{milanovic2016global,
  title={Global inequality: A new approach for the age of globalization},
  author={Milanovic, Branko},
  year={2016},
  publisher={Harvard University Press}
}

@book{piketty2014capital,
  author    = {Thomas Piketty},
  title     = {Capital in the Twenty-First Century},
  year      = {2014},
  publisher = {Harvard University Press},
  address   = {Cambridge, MA},
  translator = {Arthur Goldhammer}
}

@article{martinez2020inequality,
  title={Inequality and development: is the Kuznets curve in effect today?},
  author={Mart{\'\i}nez-Navarro, Diego and Amate-Fortes, Ignacio and Guarnido-Rueda, Almudena},
  journal={Economia Politica},
  volume={37},
  pages={703--735},
  year={2020},
  publisher={Springer}
}

@article{kuznets1955economic,
  author    = {Simon Kuznets},
  title     = {Economic Growth and Income Inequality},
  journal   = {The American Economic Review},
  year      = {1955},
  volume    = {45},
  number    = {1},
  pages     = {1--28},
  publisher = {American Economic Association},
}

@article{lawson2017inequality,
  title={Inequality is Not Inevitable, Itâ€™sa Policy Choice. For Proof, Look at Namibia},
  author={Lawson, Max},
  journal={The Guardian},
  year={2017}
}

@article{miller2021technology,
  title={Is technology value-neutral?},
  author={Miller, Boaz},
  journal={Science, Technology, \& Human Values},
  volume={46},
  number={1},
  pages={53--80},
  year={2021},
  publisher={SAGE Publications}
}

@article{kroes2008morality,
  title={Morality in design: Design ethics and the morality of technological artifacts},
  author={Kroes, Peter and Vermaas, Pieter E and Light, Andrew and Moore, Steven A and Verbeek, Peter-Paul},
  journal={Philosophy and design: From engineering to architecture},
  pages={91--103},
  year={2008},
  publisher={Springer}
}
@article{agrawal2024economic,
  title={From economic wealth to well-being: exploring the importance of happiness economy for sustainable development through systematic literature review},
  author={Agrawal, Shruti and Sharma, Nidhi and Dhayal, Karambir Singh and Esposito, Luca},
  journal={Quality \& Quantity},
  pages={1--28},
  year={2024},
  publisher={Springer}
}

@incollection{sahlins2013original,
  title={The original affluent society},
  author={Sahlins, Marshall},
  booktitle={Sociological Worlds},
  pages={2--14},
  year={2013},
  publisher={Routledge}
}

@article{oishi2015income,
  title={Income inequality explains why economic growth does not always translate to an increase in happiness},
  author={Oishi, Shigehiro and Kesebir, Selin},
  journal={Psychological science},
  volume={26},
  number={10},
  pages={1630--1638},
  year={2015},
  publisher={Sage Publications Sage CA: Los Angeles, CA}
}

@book{okun2010equality,
  title={Equality and efficiency: The big tradeoff},
  author={Okun, Arthur M},
  year={2010},
  publisher={Brookings Institution Press}
}

@book{lefebvre2009dialectical,
  title={Dialectical materialism},
  author={Lefebvre, Henri},
  year={2009},
  publisher={U of Minnesota Press}
}

@article{kahneman2010high,
  title={High income improves evaluation of life but not emotional well-being},
  author={Kahneman, Daniel and Deaton, Angus},
  journal={Proceedings of the national academy of sciences},
  volume={107},
  number={38},
  pages={16489--16493},
  year={2010},
  publisher={National Acad Sciences}
}

@article{berg2018redistribution,
  title={Redistribution, inequality, and growth: new evidence},
  author={Berg, Andrew and Ostry, Jonathan D and Tsangarides, Charalambos G and Yakhshilikov, Yorbol},
  journal={Journal of Economic Growth},
  volume={23},
  pages={259--305},
  year={2018},
  publisher={Springer}
}

@article{singh2004globalization,
  title={Globalization, technology, and income inequality: a critical analysis},
  author={Singh, Ajit and Dhumale, Rahul},
  journal={Inequality, growth, and poverty in an era of liberalization and globalization},
  pages={145--165},
  year={2004},
  publisher={Oxford University Press Oxford}
}

@article{furceri2019robust,
  title={Robust determinants of income inequality},
  author={Furceri, Davide and Ostry, Jonathan D},
  journal={Oxford Review of Economic Policy},
  volume={35},
  number={3},
  pages={490--517},
  year={2019},
  publisher={Oxford University Press UK}
}

@incollection{andersen2018human,
  title={Human capital, inequality, and growth},
  author={Andersen, Torben M},
  booktitle={The Welfare State Revisited},
  pages={165--188},
  year={2018},
  publisher={Columbia University Press}
}

@article{dwyer2018credit,
  title={Credit, debt, and inequality},
  author={Dwyer, Rachel E},
  journal={Annual Review of Sociology},
  volume={44},
  number={1},
  pages={237--261},
  year={2018},
  publisher={Annual Reviews}
}

@incollection{stiglitz2015macroeconomic,
  title={Macroeconomic fluctuations, inequality, and human development},
  author={Stiglitz, Joseph E},
  booktitle={Macroeconomics and human development},
  pages={31--58},
  year={2015},
  publisher={Routledge}
}

@article{tay2023elastic,
  title={Elastic net regularization paths for all generalized linear models},
  author={Tay, J Kenneth and Narasimhan, Balasubramanian and Hastie, Trevor},
  journal={Journal of statistical software},
  volume={106},
  year={2023},
  publisher={NIH Public Access}
}

@article{neckerman2007inequality,
  title={Inequality: Causes and consequences},
  author={Neckerman, Kathryn M and Torche, Florencia},
  journal={Annu. Rev. Sociol.},
  volume={33},
  number={1},
  pages={335--357},
  year={2007},
  publisher={Annual Reviews}
}
@article{duong2023does,
  title={Does growth reduce poverty? The mediating role of carbon emissions and income inequality},
  author={Duong, Khanh and Flaherty, Eoin},
  journal={Economic Change and Restructuring},
  volume={56},
  number={5},
  pages={3309--3334},
  year={2023},
  publisher={Springer}
}

@article{stantcheva2022inequalities,
  title={Inequalities in the times of a pandemic},
  author={Stantcheva, Stefanie},
  journal={Economic Policy},
  volume={37},
  number={109},
  pages={5--41},
  year={2022},
  publisher={Oxford University Press}
}

@article{nielsen1997kuznets,
  title={The Kuznets curve and the great U-turn: income inequality in US counties, 1970 to 1990},
  author={Nielsen, Francois and Alderson, Arthur S},
  journal={American Sociological Review},
  pages={12--33},
  year={1997},
  publisher={JSTOR}
}

@article{freistein2016potential,
  title={The potential for tackling inequality in the Sustainable Development Goals},
  author={Freistein, Katja and Mahlert, Bettina},
  journal={Third World Quarterly},
  volume={37},
  number={12},
  pages={2139--2155},
  year={2016},
  publisher={Taylor \& Francis}
}

@article{stiglitz2013inequality,
  title={Inequality is a choice},
  author={Stiglitz, Joseph E},
  journal={The New York Times},
  volume={13},
  pages={2013},
  year={2013}
}

@article{freeman2011technology,
  title={Technology, inequality and economic growth},
  author={Freeman, Chris},
  journal={innovation and Development},
  volume={1},
  number={1},
  pages={11--24},
  year={2011},
  publisher={Taylor \& Francis}
}

@article{card2002skill,
  title={Skill-biased technological change and rising wage inequality: Some problems and puzzles},
  author={Card, David and DiNardo, John E},
  journal={Journal of labor economics},
  volume={20},
  number={4},
  pages={733--783},
  year={2002},
  publisher={The University of Chicago Press}
}

@incollection{meadows2018limits,
  title={The limits to growth},
  author={Meadows, Donella H and Meadows, Dennis L and Randers, J{\o}rgen and Behrens, William W},
  booktitle={Green planet blues},
  pages={25--29},
  year={2018},
  publisher={Routledge}
}

@article{scheffer2017inequality,
  title={Inequality in nature and society},
  author={Scheffer, Marten and Van Bavel, Bas and van de Leemput, Ingrid A and van Nes, Egbert H},
  journal={Proceedings of the National Academy of Sciences},
  volume={114},
  number={50},
  pages={13154--13157},
  year={2017},
  publisher={National Acad Sciences}
}

@article{fuchs2014behavioral,
  title={Behavioral and network origins of wealth inequality: Insights from a virtual world},
  author={Fuchs, Benedikt and Thurner, Stefan},
  journal={PloS one},
  volume={9},
  number={8},
  pages={e103503},
  year={2014},
  publisher={Public Library of Science San Francisco, USA}
}

@article{ku2013procedural,
  title={Procedural fairness and the tolerance for income inequality},
  author={Ku, Hyejin and Salmon, Timothy C},
  journal={European Economic Review},
  volume={64},
  pages={111--128},
  year={2013},
  publisher={Elsevier}
}

@article{ferreira2022impact,
  title={On the impact of inequality on growth, human development, and governance},
  author={Ferreira, Ines A and Gisselquist, Rachel M and Tarp, Finn},
  journal={International Studies Review},
  volume={24},
  number={1},
  pages={viab058},
  year={2022},
  publisher={Oxford University Press}
}

@article{lakner2016global,
  title={Global income distribution: from the fall of the Berlin Wall to the Great Recession},
  author={Lakner, Christoph and Milanovic, Branko},
  journal={The World Bank Economic Review},
  volume={30},
  number={2},
  pages={203--232},
  year={2016},
  publisher={Oxford University Press}
}

@article{morris1999inequality,
  title={Inequality in Earnings at the Close of the Twentieth Century},
  author={Morris, Martina and Western, Bruce},
  journal={Annual review of sociology},
  volume={25},
  number={1},
  pages={623--657},
  year={1999},
  publisher={Annual Reviews 4139 El Camino Way, PO Box 10139, Palo Alto, CA 94303-0139, USA}
}
@article{spencer2018fear,
  title={Fear and hope in an age of mass automation: debating the future of work},
  author={Spencer, David A},
  journal={New Technology, Work and Employment},
  volume={33},
  number={1},
  pages={1--12},
  year={2018},
  publisher={Wiley Online Library}
}

@article{fernandez2012job,
  title={Job polarization in Europe? Changes in the employment structure and job quality, 1995-2007},
  author={Fern{\'a}ndez-Mac{\'\i}as, Enrique},
  journal={Work and occupations},
  volume={39},
  number={2},
  pages={157--182},
  year={2012},
  publisher={Sage Publications Sage CA: Los Angeles, CA}
}

@article{boix2010origins,
  title={Origins and persistence of economic inequality},
  author={Boix, Carles},
  journal={Annual Review of Political Science},
  volume={13},
  number={1},
  pages={489--516},
  year={2010},
  publisher={Annual Reviews}
}

@book{arthur2009nature,
  title={The nature of technology: What it is and how it evolves},
  author={Arthur, W Brian},
  year={2009},
  publisher={Simon and Schuster}
}

@article{heidegger2009question,
  title={The question concerning technology},
  author={Heidegger, Martin},
  journal={Readings in the Philosophy of Technology},
  pages={9--24},
  year={2009},
  publisher={Rowman \& Littlefield Lanham, MD}
}

@book{latour2007reassembling,
  title={Reassembling the social: An introduction to actor-network-theory},
  author={Latour, Bruno},
  year={2007},
  publisher={Oup Oxford}
}

@article{cojocaru2014fairness,
  title={Fairness and inequality tolerance: Evidence from the Life in Transition Survey},
  author={Cojocaru, Alexandru},
  journal={Journal of Comparative Economics},
  volume={42},
  number={3},
  pages={590--608},
  year={2014},
  publisher={Elsevier}
}

@article{galbraith2014utip,
  title={UTIP global inequality data sets 1963-2008: Updates, revisions and quality checks},
  author={Galbraith, James K and Halbach, B{\'e}atrice and Malinowska, Aleksandra and Shams, Amin and Zhang, Wenjie},
  year={2014},
  journal={UTIP Working Paper 68}
}

@incollection{galbraith2016comparison,
  title={A comparison of major world inequality data sets: LIS, OECD, EU-SILC, WDI, and EHII},
  author={Galbraith, James K and Choi, Jaehee and Halbach, B{\'e}atrice and Malinowska, Aleksandra and Zhang, Wenjie},
  booktitle={Income Inequality Around the World},
  pages={1--48},
  year={2016},
  publisher={Emerald Group Publishing Limited}
}

@article{dinardo1997returns,
  title={The returns to computer use revisited: Have pencils changed the wage structure too?},
  author={DiNardo, John E and Pischke, J{\"o}rn-Steffen},
  journal={The Quarterly journal of economics},
  volume={112},
  number={1},
  pages={291--303},
  year={1997},
  publisher={MIT Press}
}

@article{acemoglu2002technical,
  title={Technical change, inequality, and the labor market},
  author={Acemoglu, Daron},
  journal={Journal of economic literature},
  volume={40},
  number={1},
  pages={7--72},
  year={2002},
  publisher={American Economic Association}
}

@incollection{goldin2018race,
  title={The race between education and technology},
  author={Goldin, Claudia and Katz, Lawrence F},
  booktitle={Inequality in the 21st Century},
  pages={49--54},
  year={2018},
  publisher={Routledge}
}

@book{galbraith1998created,
  title={Created unequal: The crisis in American pay},
  author={Galbraith, James K},
  year={1998},
  publisher={New York: Free Press}
}

@techreport{NBERw6849,
 title = "Geography and Economic Development",
 author = "Gallup, John Luke and Sachs, Jeffrey D and Mellinger, Andrew D",
 institution = "National Bureau of Economic Research",
 type = "Working Paper",
 series = "Working Paper Series",
 number = "6849",
 year = "1998",
 month = {12}
}

@inbook{cypher2014development,
  author    = {James Cypher},
  title     = {Development in Historical Perspective},
  booktitle = {The Process of Economic Development},
  edition   = {4th},
  publisher = {Routledge},
  year      = {2014},
  pages     = {40},
  eisbn     = {9780203080580}
}

@techreport{NBERw11057,
 title = "Colonialism, Inequality, and Long-Run Paths of Development",
 author = "Engerman, Stanley L and Sokoloff, Kenneth L",
 institution = "National Bureau of Economic Research",
 type = "Working Paper",
 series = "Working Paper Series",
 number = "11057",
 year = "2005",
 month = {01}
}

@article{bratanova2016rich,
  title={The rich get richer, the poor get even: Perceived socioeconomic position influences micro-social distributions of wealth},
  author={Bratanova, Boyka and Loughnan, Steve and Klein, Olivier and Wood, Robert},
  journal={Scandinavian Journal of Psychology},
  volume={57},
  number={3},
  pages={243--249},
  year={2016},
  publisher={Wiley Online Library}
}

@article{sanchez2019economic,
  title={Economic inequality enhances inferences that the normative climate is individualistic and competitive},
  author={S{\'a}nchez-Rodr{\'\i}guez, {\'A}ngel and Willis, Guillermo B and Jetten, Jolanda and Rodr{\'\i}guez-Bail{\'o}n, Rosa},
  journal={European Journal of Social Psychology},
  volume={49},
  number={6},
  pages={1114--1127},
  year={2019},
  publisher={Wiley Online Library}
}

@article{rowlingson2011deserving,
  title={The â€˜deservingâ€™rich? Inequality, morality and social policy},
  author={Rowlingson, Karen and Connor, Stuart},
  journal={Journal of Social Policy},
  volume={40},
  number={3},
  pages={437--452},
  year={2011},
  publisher={Cambridge University Press}
}

@article{lenger2021choosing,
  title={Choosing inequality: how economic security fosters competitive regimes},
  author={Lenger, Alexander and Wolf, Stephan and Goldschmidt, Nils},
  journal={The Journal of Economic Inequality},
  volume={19},
  pages={315--346},
  year={2021},
  publisher={Springer}
}

@article{hauser2017mis,
  title={(Mis) perceptions of inequality},
  author={Hauser, Oliver P and Norton, Michael I},
  journal={Current opinion in psychology},
  volume={18},
  pages={21--25},
  year={2017},
  publisher={Elsevier}
}

@article{gimpelson2018misperceiving,
  title={Misperceiving inequality},
  author={Gimpelson, Vladimir and Treisman, Daniel},
  journal={Economics \& Politics},
  volume={30},
  number={1},
  pages={27--54},
  year={2018},
  publisher={Wiley Online Library}
}


@article{jennen2010agglomeration,
  title={Agglomeration effects and financial performance},
  author={Jennen, Maarten and Verwijmeren, Patrick},
  journal={Urban Studies},
  volume={47},
  number={12},
  pages={2683--2703},
  year={2010},
  publisher={SAGE Publications Sage UK: London, England}
}

@article{d2007emergence,
  title={Emergence of tempered preferential attachment from optimization},
  author={D'souza, Raissa M and Borgs, Christian and Chayes, Jennifer T and Berger, Noam and Kleinberg, Robert D},
  journal={Proceedings of the National Academy of Sciences},
  volume={104},
  number={15},
  pages={6112--6117},
  year={2007},
  publisher={National Acad Sciences}
}

@article{atolia2012growth,
  title={Growth and inequality: Dependence on the time path of productivity increases (and other structural changes)},
  author={Atolia, Manoj and Chatterjee, Santanu and Turnovsky, Stephen J},
  journal={Journal of Economic Dynamics and Control},
  volume={36},
  number={3},
  pages={331--348},
  year={2012},
  publisher={Elsevier}
}

@article{halter2014inequality,
  title={Inequality and growth: the neglected time dimension},
  author={Halter, Daniel and Oechslin, Manuel and Zweim{\"u}ller, Josef},
  journal={Journal of economic growth},
  volume={19},
  pages={81--104},
  year={2014},
  publisher={Springer}
}

@article{woodburn1982egalitarian,
  title={Egalitarian societies},
  author={Woodburn, James},
  journal={Man},
  pages={431--451},
  year={1982},
  publisher={JSTOR}
}

@article{carneiro1970theory,
  title={A Theory of the Origin of the State: Traditional theories of state origins are considered and rejected in favor of a new ecological hypothesis.},
  author={Carneiro, Robert L},
  journal={science},
  volume={169},
  number={3947},
  pages={733--738},
  year={1970},
  publisher={American Association for the Advancement of Science}
}

@article{henrich2008division,
  title={Division of labor, economic specialization, and the evolution of social stratification},
  author={Henrich, Joseph and Boyd, Robert},
  journal={Current anthropology},
  volume={49},
  number={4},
  pages={715--724},
  year={2008},
  publisher={The University of Chicago Press}
}

@incollection{hayden2001richman,
  title={Richman, poorman, beggarman, chief: The dynamics of social inequality},
  author={Hayden, Brian},
  booktitle={Archaeology at the millennium: A sourcebook},
  pages={231--272},
  year={2001},
  publisher={Springer}
}

@article{rogers2011spread,
  title={The spread of inequality},
  author={Rogers, Deborah S and Deshpande, Omkar and Feldman, Marcus W},
  journal={PloS One},
  volume={6},
  number={9},
  pages={e24683},
  year={2011},
  publisher={Public Library of Science San Francisco, USA}
}

@incollection{spirkin1983dialectical,
  title={Dialectical Materialism},
  author={Spirkin, Aleksandr Georgievich},
  booktitle={Dialectical Materialism},
  chapter={5},
  year={1983},
  publisher={Progress Publishers},
  address={Moscow},
  note={On the Human Being and Being Human}
}

@incollection{galbraith2025entropy,
  title={Entropy Economics: The Living Basis of Value and Production},
  author={Galbraith, James K and Chen, Jing},
  booktitle={Entropy Economics},
  year={2025},
  publisher={University of Chicago Press}
}

@book{sen1999development,
  title={Development as Freedom},
  author={Sen, Amartya},
  year={1999},
  edition={1st},
  publisher={Oxford University Press},
  address={New York},
  isbn={9780198297581}
}

@incollection{Sen1995,
    author = {Sen, Amartya},
    isbn = {9780198289289},
    title = {Equality of What?},
    booktitle = {Inequality Reexamined},
    publisher = {Oxford University Press},
    year = {1995},
    month = {09}
}

@article{peragine2004measuring,
  title={Measuring and implementing equality of opportunity for income},
  author={Peragine, Vito},
  journal={Social Choice and welfare},
  volume={22},
  number={1},
  pages={187--210},
  year={2004},
  publisher={Springer}
}

@article{fagereng2020heterogeneity,
  title={Heterogeneity and persistence in returns to wealth},
  author={Fagereng, Andreas and Guiso, Luigi and Malacrino, Davide and Pistaferri, Luigi},
  journal={Econometrica},
  volume={88},
  number={1},
  pages={115--170},
  year={2020},
  publisher={Wiley Online Library}
}

@article{park2021getting,
  title={Getting to a feasible income equality},
  author={Park, Ji-Won and Kim, Chae Un},
  journal={PloS one},
  volume={16},
  number={3},
  pages={e0249204},
  year={2021},
  publisher={Public Library of Science San Francisco, CA USA}
}

@article{atkinson1970measurement,
  title={On the measurement of inequality},
  author={Atkinson, Anthony B and others},
  journal={Journal of economic theory},
  volume={2},
  number={3},
  pages={244--263},
  year={1970}
}

@article{lambert2003inequality,
  title={Inequality aversion and the natural rate of subjective inequality},
  author={Lambert, Peter J and Millimet, Daniel L and Slottje, Daniel},
  journal={Journal of Public Economics},
  volume={87},
  number={5-6},
  pages={1061--1090},
  year={2003},
  publisher={Elsevier}
}

@article{park2022boltzmann,
  title={The Boltzmann fair division for distributive justice},
  author={Park, Ji-Won and Kim, Jaeup U and Ghim, Cheol-Min and Kim, Chae Un},
  journal={Scientific Reports},
  volume={12},
  number={1},
  pages={16179},
  year={2022},
  publisher={Nature Publishing Group UK London}
}

@article{clauset2009power,
  title={Power-law distributions in empirical data},
  author={Clauset, Aaron and Shalizi, Cosma Rohilla and Newman, Mark EJ},
  journal={SIAM review},
  volume={51},
  number={4},
  pages={661--703},
  year={2009},
  publisher={SIAM}
}

@article{druagulescu2001exponential,
  title={Exponential and power-law probability distributions of wealth and income in the United Kingdom and the United States},
  author={Dr{\u{a}}gulescu, Adrian and Yakovenko, Victor M},
  journal={Physica A: Statistical Mechanics and its Applications},
  volume={299},
  number={1-2},
  pages={213--221},
  year={2001},
  publisher={Elsevier}
}

@article{coelho2008double,
  title={Double power laws in income and wealth distributions},
  author={Coelho, Ricardo and Richmond, Peter and Barry, Joseph and Hutzler, Stefan},
  journal={Physica A: Statistical Mechanics and its Applications},
  volume={387},
  number={15},
  pages={3847--3851},
  year={2008},
  publisher={Elsevier}
}

@BOOK{Pickett2009,
  title     = "The Spirit Level: Why More Equal Societies Almost Always Do Better",
  author    = "Pickett, Kate and Wilkinson, Richard",
  publisher = "Allen Lane",
  month     =  mar,
  year      =  2009,
  address   = "New Delhi, India",
  language  = "en"
}

@book{rousseau1755,
  author    = {Jean-Jacques Rousseau},
  title     = {Discourse on the Origin of Inequality},
  year      = {1755},
  publisher = {Marc-Michel Rey},
  address   = {Amsterdam},
  note      = {Translated by Maurice Cranston}
}

@book{marx1867,
  author    = {Karl Marx},
  title     = {Das Kapital: Critique of Political Economy},
  year      = {1867},
  publisher = {Verlag von Otto Meisner},
  address   = {Hamburg}
}

@book{weber1922,
  author    = {Max Weber},
  title     = {Economy and Society: An Outline of Interpretive Sociology},
  year      = {1922},
  publisher = {Mohr Siebeck},
  address   = {TÃ¼bingen},
  note      = {Edited by Guenther Roth and Claus Wittich}
}

@article{korpi1998paradox,
  title={The paradox of redistribution and strategies of equality: Welfare state institutions, inequality, and poverty in the Western countries},
  author={Korpi, Walter and Palme, Joakim},
  journal={American sociological review},
  pages={661--687},
  year={1998},
  publisher={JSTOR}
}

@article{balietti2021incentives,
  title={Incentives, competition, and inequality in markets for creative production},
  author={Balietti, Stefano and Riedl, Christoph},
  journal={Research Policy},
  volume={50},
  number={4},
  pages={104212},
  year={2021},
  publisher={Elsevier}
}

@book{galbraith2016inequality,
  title={Inequality: What everyone needs to know},
  author={Galbraith, James K},
  year={2016},
  publisher={Oxford University Press}
}

@article{suisse2022global,
  title={Global Wealth Databook 2022},
  author={Suisse, Credit},
  journal={Zurich: Cr{\'e}dit Suisse},
  year={2022}
}

@article{jaumotte2013rising,
  title={Rising income inequality: technology, or trade and financial globalization?},
  author={Jaumotte, Florence and Lall, Subir and Papageorgiou, Chris},
  journal={IMF economic review},
  volume={61},
  number={2},
  pages={271--309},
  year={2013},
  publisher={Springer}
}

@article{Eichengreen2021,
  author    = {Eichengreen, Barry and Csonto, Balazs and ElGanainy, Asmaa and Koczan, Zsoka},
  title     = {Financial Globalization and Inequality},
  journal   = {IMF Working Papers},
  year      = {2021},
  volume    = {21},
  number    = {4}
}

@article{acemoglu2019automation,
  title={Automation and new tasks: How technology displaces and reinstates labor},
  author={Acemoglu, Daron and Restrepo, Pascual},
  journal={Journal of economic perspectives},
  volume={33},
  number={2},
  pages={3--30},
  year={2019},
  publisher={American Economic Association 2014 Broadway, Suite 305, Nashville, TN 37203-2418}
}

@article{asteriou2014globalization,
  title={Globalization and income inequality: A panel data econometric approach for the EU27 countries},
  author={Asteriou, Dimitrios and Dimelis, Sophia and Moudatsou, Argiro},
  journal={Economic modelling},
  volume={36},
  pages={592--599},
  year={2014},
  publisher={Elsevier}
}

@inproceedings{davis2018fourth,
  title={The fourth industrial revolution is driving globalization 4.0},
  author={Davis, Nicholas and Oâ€™Halloran, Derek},
  booktitle={World Economic Forum},
  year={2018}
}

@book{Samuelson1964,
  author    = {Samuelson, Paul A.},
  title     = {Economics: An Introductory Analysis},
  year      = {1964},
  publisher = {McGraw-Hill},
  address   = {New York},
}

@article{Solow1956,
  author    = {Solow, Robert M.},
  title     = {A Contribution to the Theory of Economic Growth},
  journal   = {Quarterly Journal of Economics},
  year      = {1956},
  volume    = {70},
  number    = {1},
  pages     = {65--94},
}

@article{Solow1957,
  author    = {Solow, Robert M.},
  title     = {Technical Change and the Aggregate Production Function},
  journal   = {Review of Economics and Statistics},
  year      = {1957},
  volume    = {39},
  pages     = {312--320},
  month     = {8}
}

@incollection{Howell1996,
  author    = {Howell, David R.},
  title     = {Information Technology, Skill Mismatch and the Wage Collapse: A Perspective on the U.S. Experience},
  booktitle = {Employment and Growth in the Knowledge-Based Economy},
  year      = {1996},
  publisher = {OECD},
  address   = {Paris},
}

@book{Rosenberg1982,
  author    = {Rosenberg, Nathan},
  title     = {Inside the Black Box: Technology and Economics},
  year      = {1982},
  publisher = {Cambridge University Press},
  address   = {Cambridge and New York},
}

@article{galor1996income,
  title={Income distribution and growth: the Kuznets hypothesis revisited},
  author={Galor, Oded and Tsiddon, Daniel},
  journal={Economica},
  pages={S103--S117},
  year={1996},
  publisher={JSTOR}
}

@article{alesina1994distributive,
  title={Distributive politics and economic growth},
  author={Alesina, Alberto and Rodrik, Dani},
  journal={The quarterly journal of economics},
  volume={109},
  number={2},
  pages={465--490},
  year={1994},
  publisher={MIT Press}
}

@techreport{NBERw5658,
 title = "Inequality and Growth",
 author = "Benabou, Roland",
 institution = "National Bureau of Economic Research",
 type = "Working Paper",
 series = "Working Paper Series",
 number = "5658",
 year = "1996",
 month = "07"
}

@book{Becker1993,
  author    = {Becker, Gary S.},
  title     = {Human Capital â€“ A Theoretical and Empirical Analysis with Special Reference to Education},
  edition   = {3rd},
  year      = {1993},
  publisher = {University of Chicago Press},
  address   = {Chicago},
}

@article{Schultz1960,
  author    = {Schultz, Theodore},
  title     = {Capital Formation by Education},
  journal   = {Journal of Political Economy},
  year      = {1960},
  volume    = {68},
  number    = {6},
  pages     = {571--583},
}

@article{de2003inequality,
  title={Inequality and growth: why differential fertility matters},
  author={De La Croix, David and Doepke, Matthias},
  journal={American Economic Review},
  volume={93},
  number={4},
  pages={1091--1113},
  year={2003},
  publisher={American Economic Association}
}

@article{rolim2024inflation,
  title={Inflation, Unemployment, and Inequality: Beyond the Traditional Phillips Curve},
  author={Rolim, Lilian},
  journal={Review of Political Economy},
  pages={1--16},
  year={2024},
  publisher={Taylor \& Francis}
}

@article{acemoglu2001colonial,
  title={The colonial origins of comparative development: An empirical investigation},
  author={Acemoglu, Daron and Johnson, Simon and Robinson, James A},
  journal={American economic review},
  volume={91},
  number={5},
  pages={1369--1401},
  year={2001},
  publisher={American Economic Association}
}

@book{acemoglu2013nations,
  title={Why nations fail: The origins of power, prosperity, and poverty},
  author={Acemoglu, Daron and Robinson, James A},
  year={2013},
  publisher={Crown Currency}
}

@book{boix2003democracy,
  title={Democracy and redistribution},
  author={Boix, Carles},
  year={2003},
  publisher={Cambridge University Press}
}

@article{rodrik2004institutions,
  title={Institutions rule: the primacy of institutions over geography and integration in economic development},
  author={Rodrik, Dani and Subramanian, Arvind and Trebbi, Francesco},
  journal={Journal of economic growth},
  volume={9},
  pages={131--165},
  year={2004},
  publisher={Springer}
}

@article{barro1996democracy,
  title={Democracy and growth},
  author={Barro, Robert J},
  journal={Journal of economic growth},
  volume={1},
  pages={1--27},
  year={1996},
  publisher={Springer}
}

@book{gilens2012affluence,
  title={Affluence and influence: Economic inequality and political power in America},
  author={Gilens, Martin},
  year={2012},
  publisher={Princeton University Press}
}

@article{conceicao2001toward,
  title={Toward a new Kuznets hypothesis: Theory and evidence on growth and inequality},
  author={Conceicao, Pedro and Galbraith, James K},
  journal={Inequality and industrial change: A global view},
  pages={139--160},
  year={2001},
  publisher={Cambridge University Press Cambridge}
}

@article{ravallion2018inequality,
  title={Inequality and globalization: A review essay},
  author={Ravallion, Martin},
  journal={Journal of Economic Literature},
  volume={56},
  number={2},
  pages={620--642},
  year={2018},
  publisher={American Economic Association 2014 Broadway, Suite 305, Nashville, TN 37203-2425}
}

@article{deb2002fast,
  title={A fast and elitist multiobjective genetic algorithm: NSGA-II},
  author={Deb, Kalyanmoy and Pratap, Amrit and Agarwal, Sameer and Meyarivan, TAMT},
  journal={IEEE transactions on evolutionary computation},
  volume={6},
  number={2},
  pages={182--197},
  year={2002},
  publisher={IEEE}
}

@article{andersen2020big,
  title={The big trade-off between efficiency and equityâ€”is it there?},
  author={Andersen, Torben M and Maibom, Jonas},
  journal={Oxford Economic Papers},
  volume={72},
  number={2},
  pages={391--411},
  year={2020},
  publisher={Oxford University Press}
}

@book{undp2021trapped,
  title={Trapped: High Inequality and Low Growth in Latin America and the Caribbean},
  author={UNDP},
  year={2021},
  publisher={United Nations Development Programme}
}

@article{coatsworth2008inequality,
  title={Inequality, institutions and economic growth in Latin America},
  author={Coatsworth, John H},
  journal={Journal of Latin American Studies},
  volume={40},
  number={3},
  pages={545--569},
  year={2008},
  publisher={Cambridge University Press}
}
